@book{b91,
  author    = {Borel, Armand},
  title     = {Linear algebraic groups},
  series    = {Graduate Texts in Mathematics},
  volume    = {126},
  edition   = {Second},
  publisher = {Springer-Verlag},
  year      = {1991}
}

@book{b01,
  author    = {Bhargava, Manjul},
  title     = {Higher composition laws},
  note      = {Thesis (Ph.D.) -- Princeton University},
  publisher = {ProQuest LCC},
  address   = {Ann Arbor, MI},
  year      = {2001}
}

@article{b04,
  author  = {Bhargava, Manjul},
  title   = {Higher composition laws. {III}. {T}he parametrization of quartic rings},
  journal = {Ann. of Math. (2)},
  volume  = {159},
  year    = {2004},
  number  = {3}
}

@article{b08,
  author  = {Bhargava, Manjul},
  title   = {Higher composition laws. {IV}. {T}he parameterization of quintic rings},
  journal = {Ann. of Math. (2)},
  volume  = {167},
  year    = {2008},
  number  = {1},
  pages   = {53--94}
}

@article{be77,
  author  = {Buchsbaum, David A. and Eisenbud, David},
  title   = {Algebra structures for finite free resolutions, and some structure theorems for ideals of codimension {$3$}},
  journal = {Amer. J. Math.},
  volume  = {99},
  year    = {1977},
  number  = {3},
  pages   = {447--485}
}

@article{ce96,
  author  = {Casnati, G. and Ekedahl, T.},
  title   = {Covers of algebraic varieties. {I}. {A} general structure theorem, covers of degree {$3,4$}, and {E}nriques surfaces},
  journal = {J. Algebraic Geom.},
  volume  = {5},
  year    = {1996},
  number  = {3},
  pages   = {439--460}
}

@article{dc70,
  author  = {Dieudonn{\'e}, Jean and Carrell, James},
  title   = {Invariant theory, old and new},
  journal = {Advances in Math.},
  volume  = {4},
  year    = {1970},
  pages   = {1--80}
}

@book{df64,
  author    = {Delone, B. and Faddeev, D},
  title     = {The theory of irrationalities of the third degree},
  series    = {Translations of Mathematical Monographs},
  volume    = {10},
  publisher = {American Mathematical Society},
  year      = {1964}
}

@article{dh69,
  author  = {Davenport, H. and Heilbronn, H.},
  title   = {On the density of discriminants of cubic fields},
  journal = {Bull. London Math. Soc.},
  volume  = {1},
  year    = {1969},
  pages   = {345--348}
}

@article{e91,
  author  = {Elkies, Noam},
  title   = {{$ABC$} implies {M}ordell},
  journal = {Internat. Math. Res. Notices},
  year    = {1991},
  number  = {7},
  pages   = {99--109}
}

@book{fh91,
  author    = {Fulton, William and Harris, Joe},
  title     = {Representation theory},
  series    = {Graduate Texts in Mathematics},
  volume    = {129},
  publisher = {Springer-Verlag},
  year      = {1991}
}

@article{ggs02,
  author  = {Gan, Wee Teck and Gross, Benedict and Savin, Gordan},
  title   = {Fourier coefficients of modular forms on {$G_2$}},
  journal = {Duke Math. J.},
  volume  = {115},
  year    = {2002},
  number  = {1},
  pages   = {105--169}
}

@book{gw09,
  author    = {Goodman, Roe and Wallach, Nolan},
  title     = {Symmetry, representations, and invariants},
  series    = {Graduate Texts in Mathematics},
  volume    = {255},
  publisher = {Springer},
  year      = {2009}
}

@book{h75,
  author    = {Humphreys, James},
  title     = {Linear algebraic groups},
  series    = {Graduate Texts in Mathematics},
  volume    = {21},
  publisher = {Springer-Verlag},
  year      = {1975}
}

@book{h78,
  author    = {Humphreys, James},
  title     = {Introduction to {L}ie algebras and representation theory},
  series    = {Graduate Texts in Mathematics},
  volume    = {9},
  note      = {Second printing, revised},
  publisher = {Springer-Verlag},
  year      = {1978}
}

@book{mfk94,
  author    = {Mumford, D. and Fogarty, J. and Kirwan, F.},
  title     = {Geometric invariant theory},
  series    = {Ergebnisse der Mathematik und ihrer Grenzgebiete (2)},
  volume    = {34},
  edition   = {Third},
  publisher = {Springer-Verlag},
  year      = {1994}
}
  

@book{s79,
  author    = {Serre, Jean-Pierre},
  title     = {Local Fields},
  series    = {Graduate Texts in Mathematics},
  volume    = {67},
  note      = {Translated from the French by Marvin Greenberg},
  publisher = {Springer-Verlag},
  year      = {1979}
}

@book{s09,
  author    = {Springer, T. A.},
  title     = {Linear algebraic groups},
  edition   = {second},
  publisher = {Birkh\"auser},
  address   = {Boston, MA},
  year      = {2009}
}

@book{w09,
  author    = {Wood, Melanie Eggers Matchett},
  title     = {Moduli spaces for rings and ideals},
  note      = {THesis (Ph.D.) -- Princeton University},
  publisher = {ProQuest LCC},
  address   = {Ann Arbor, MI},
  year      = {2009}
}

@book{wy92,
  author  = {Write, David and Yukie, Akihiko},
  title   = {Prehomogeneous vector spaces and field extensions},
  journal = {Invent. Math.},
  volume  = {110},
  year    = {1992},
  number  = {2},
  pages   = {283--314}
}

@article{w11,
  author  = {Wood, Melanie Matchett},
  title   = {Parameterizing quartic algebras over an arbitrary base},
  journal = {Algebra Number Theory},
  volume  = {5},
  year    = {2011},
  number  = {8},
  pages   = {1069--1094}
}
